<record xmlns="http://www.loc.gov/MARC21/slim" xmlns:xsi="http://www.w3.org/2001/XMLSchema-instance" xsi:schemaLocation="http://www.loc.gov/MARC21/slim http://www.loc.gov/standards/marcxml/schema/MARC21slim.xsd"><leader>     nam a22        4500</leader><controlfield tag="001">3236312</controlfield><controlfield tag="003">NNC</controlfield><controlfield tag="006">m        d        </controlfield><controlfield tag="007">cr cn |||m|||a</controlfield><controlfield tag="008">150316s1889    le      o     000 0 ara d</controlfield><datafield ind1=" " ind2=" " tag="040"><subfield code="a">NNU</subfield><subfield code="b">eng</subfield><subfield code="e">rda</subfield><subfield code="c">NNU</subfield></datafield><datafield ind1="0" ind2=" " tag="100"><subfield code="6">880-01</subfield><subfield code="a">Badi&#772;&#699; al-Zama&#772;n al-Hamadha&#772;ni&#772;,</subfield><subfield code="d">969-1008.</subfield></datafield><datafield ind1="1" ind2="0" tag="245"><subfield code="6">880-02</subfield><subfield code="a">Maqa&#772;ma&#772;t ...</subfield></datafield><datafield ind1=" " ind2=" " tag="260"><subfield code="6">880-03</subfield><subfield code="a">Bayru&#772;t,</subfield><subfield code="c">1889.</subfield></datafield><datafield ind1=" " ind2=" " tag="300"><subfield code="a">online resource (8, 247 (i.e. 257) pages)</subfield></datafield><datafield ind1=" " ind2=" " tag="336"><subfield code="a">text</subfield><subfield code="2">rdacontent</subfield></datafield><datafield ind1=" " ind2=" " tag="337"><subfield code="a">computer</subfield><subfield code="2">rdamedia</subfield></datafield><datafield ind1=" " ind2=" " tag="338"><subfield code="a">online resource</subfield><subfield code="2">rdacarrier</subfield></datafield><datafield ind1=" " ind2=" " tag="500"><subfield code="a">Part of the Arabic Collections Online (ACO) project, contributed by Columbia University Libraries.</subfield></datafield><datafield ind1=" " ind2=" " tag="533"><subfield code="a">Electronic reproduction.</subfield><subfield code="b">New York, N.Y. :</subfield><subfield code="c">New York University,</subfield><subfield code="d">2015.</subfield><subfield code="5">NNU</subfield></datafield><datafield ind1="1" ind2="0" tag="600"><subfield code="6">880-04</subfield><subfield code="a">Muh&#803;ammad, &#699;Abdu&#772;. </subfield></datafield><datafield ind1="1" ind2="7" tag="600"><subfield code="a">Muh&#803;ammad, &#699;Abdu&#772;.</subfield><subfield code="2">fast</subfield><subfield code="0">(OCoLC)fst01561207</subfield></datafield><datafield ind1="2" ind2=" " tag="710"><subfield code="a">Columbia University.</subfield><subfield code="b">Libraries.</subfield></datafield><datafield ind1="0" ind2=" " tag="730"><subfield code="a">Arabic Collections Online.</subfield></datafield><datafield ind1="0" ind2="8" tag="776"><subfield code="i">Online version:</subfield><subfield code="a">Badi&#772;&#699; al-Zama&#772;n al-Hamadha&#772;ni&#772;, 969-1008.</subfield><subfield code="t">Mak&#803;a&#772;ma&#772;t .</subfield><subfield code="d">Beirut, 1889</subfield><subfield code="w">(OCoLC)655640652</subfield></datafield><datafield ind1="0" ind2="8" tag="776"><subfield code="i">Print version:</subfield><subfield code="a">Badi&#772;&#699; al-Zama&#772;n al-Hamadha&#772;ni&#772;, 969-1008.</subfield><subfield code="t">Maqa&#772;ma&#772;t</subfield><subfield code="w">(NNC)3236312</subfield><subfield code="w">(OCoLC)49377194</subfield></datafield><datafield ind1="4" ind2="0" tag="856"><subfield code="u">http://hdl.handle.net/2333.1/9cnp5m1m</subfield></datafield><datafield ind1="0" ind2=" " tag="880"><subfield code="6">100-01/r</subfield><subfield code="a">&#1576;&#1583;&#1610;&#1593; &#1575;&#1604;&#1586;&#1605;&#1575;&#1606; &#1575;&#1604;&#1607;&#1605;&#1584;&#1575;&#1606;&#1610;&#1548;</subfield><subfield code="d">969-1008.</subfield></datafield><datafield ind1="1" ind2="0" tag="880"><subfield code="6">245-02/r</subfield><subfield code="a">&#1605;&#1602;&#1575;&#1605;&#1575;&#1578; ...</subfield></datafield><datafield ind1=" " ind2=" " tag="880"><subfield code="6">260-03/r</subfield><subfield code="a">&#1576;&#1610;&#1585;&#1608;&#1578;&#1548;</subfield><subfield code="c">1889.</subfield></datafield><datafield ind1="1" ind2="4" tag="880"><subfield code="6">600-04/r</subfield><subfield code="a">&#1605;&#1581;&#1605;&#1583;&#1548; &#1593;&#1576;&#1583;&#1608;. </subfield></datafield><datafield ind1=" " ind2=" " tag="959"><subfield code="a">NNU</subfield><subfield code="b">WEB</subfield><subfield code="c">GENI</subfield><subfield code="t">0</subfield><subfield code="m">Electronic access</subfield><subfield code="s">01</subfield></datafield><datafield ind1=" " ind2=" " tag="999"><subfield code="i">NNC_3236312</subfield><subfield code="o">(OCoLC)ocm49377194</subfield><subfield code="e">(ERROR-880)</subfield><subfield code="s">columbia_aco000316</subfield></datafield></record>